<record><leader>00000cas a22000007a 4500</leader><controlfield tag="001">12922170</controlfield><controlfield tag="008">851216d18601873wiuwr ne      0    0eng d</controlfield><controlfield tag="009">3770</controlfield><datafield ind1=" " ind2=" " tag="010"><subfield code="a">sn 85041590 </subfield></datafield><datafield ind1=" " ind2=" " tag="040"><subfield code="a">NPV</subfield><subfield code="b">eng</subfield><subfield code="c">NPV</subfield><subfield code="d">DLC</subfield><subfield code="d">NPV</subfield></datafield><datafield ind1="1" ind2=" " tag="029"><subfield code="a">AU@</subfield><subfield code="b">000025816645</subfield></datafield><datafield ind1=" " ind2=" " tag="042"><subfield code="a">msc</subfield></datafield><datafield ind1="0" ind2="0" tag="050"><subfield code="a">Newspaper 10216-X</subfield></datafield><datafield ind1="0" ind2=" " tag="130"><subfield code="a">Northwestern (Oshkosh, Wis. : 1860)</subfield></datafield><datafield ind1="0" ind2="4" tag="245"><subfield code="a">The Northwestern.</subfield></datafield><datafield ind1="1" ind2="3" tag="246"><subfield code="a">Weekly northwestern</subfield></datafield><datafield ind1=" " ind2=" " tag="260"><subfield code="a">Oshkosh, Winnebago County, Wis. :</subfield><subfield code="b">D.C. Felton, &amp; Co.,</subfield><subfield code="c">1860-1873.</subfield></datafield><datafield ind1=" " ind2=" " tag="300"><subfield code="a">v. ;</subfield><subfield code="c">55 cm.</subfield></datafield><datafield ind1=" " ind2=" " tag="310"><subfield code="a">Weekly</subfield></datafield><datafield ind1="0" ind2=" " tag="362"><subfield code="a">Vol. 1, no. 1 (May 18, 1860)-v. 13, no. 48 (April 10, 1873) = No. 673.</subfield></datafield><datafield ind1=" " ind2=" " tag="500"><subfield code="a">Publisher varies.</subfield></datafield><datafield ind1=" " ind2=" " tag="515"><subfield code="a">Numbering irregular.</subfield></datafield><datafield ind1=" " ind2=" " tag="580"><subfield code="a">Issued also in a daily edition.</subfield></datafield><datafield ind1=" " ind2=" " tag="752"><subfield code="a">United States</subfield><subfield code="b">Wisconsin</subfield><subfield code="c">Winnebago</subfield><subfield code="d">Oshkosh.</subfield></datafield><datafield ind1="1" ind2=" " tag="775"><subfield code="t">Daily northwestern (Oshkosh, Wis. : 1861)</subfield><subfield code="w">(DLC)sn 87082098</subfield></datafield><datafield ind1="1" ind2=" " tag="775"><subfield code="t">Daily northwestern (Oshkosh, Wis. : 1868)</subfield><subfield code="w">(DLC)sn 85033207</subfield></datafield><datafield ind1="0" ind2="5" tag="780"><subfield code="t">Oshkosh courier</subfield><subfield code="w">(DLC)sn 85041595</subfield></datafield><datafield ind1="0" ind2="7" tag="785"><subfield code="t">Oshkosh journal</subfield><subfield code="w">(DLC)sn 85041589</subfield></datafield><datafield ind1="0" ind2="7" tag="785"><subfield code="t">Northwestern and Oshkosh journal</subfield><subfield code="w">(DLC)sn 85041591</subfield></datafield></record>